<?xml version="1.0" encoding="UTF-8"?><collection xmlns="http://www.loc.gov/MARC21/slim"><record><leader>00587nam--2200193-i-4500</leader><controlfield tag="001">000033994</controlfield><controlfield tag="002">20161230</controlfield><controlfield tag="005">20161230201039</controlfield><controlfield tag="008">060222s1000------------r-----000-0-eng-d</controlfield><datafield ind1=" " ind2=" " tag="040"><subfield code="a">IFIN-HH</subfield></datafield><datafield ind1=" " ind2=" " tag="080"><subfield code="a">539.172.5(083.4)</subfield></datafield><datafield ind1="1" ind2=" " tag="100"><subfield code="a">Menze, D</subfield></datafield><datafield ind1="1" ind2="0" tag="245"><subfield code="a">Zaed compilation of pion photoproduction data</subfield><subfield code="c">D. menze, w. pfeil, r. wilcke</subfield></datafield><datafield ind1=" " ind2=" " tag="260"><subfield code="a">Eggenstein-leopoldshaften</subfield><subfield code="b">Zentralstelle Fur Atomkernenergie-dokumentation</subfield><subfield code="c">1977</subfield></datafield><datafield ind1=" " ind2=" " tag="300"><subfield code="a">306P</subfield></datafield><datafield ind1=" " ind2=" " tag="490"><subfield code="a">Physik Daten Physics Data 7-1 1977</subfield></datafield><datafield ind1="1" ind2=" " tag="700"><subfield code="a">Wilcke, R</subfield></datafield><datafield ind1=" " ind2=" " tag="852"><subfield code="a">47445</subfield><subfield code="c">53.081</subfield></datafield><datafield ind1=" " ind2=" " tag="CAT"><subfield code="a">Sys</subfield><subfield code="c">20160401</subfield><subfield code="h">093147</subfield></datafield></record></collection>